@article{ppo2017,
  title={Proximal Policy Optimization Algorithms},
  author={Schulman, John and Wolski, Filip and Dhariwal, Prafulla and Radford, Alec and Klimov, Oleg},
  journal={arXiv preprint arXiv:1707.06347},
  year={2017}
}
@misc{egiazarian2024extreme,
      title={Extreme Compression of Large Language Models via Additive Quantization}, 
      author={Vage Egiazarian and Andrei Panferov and Denis Kuznedelev and Elias Frantar and Artem Babenko and Dan Alistarh},
      year={2024},
      eprint={2401.06118},
      archivePrefix={arXiv},
      primaryClass={cs.LG}
}
@misc{malinovskii2024pvtuning,
      title={PV-Tuning: Beyond Straight-Through Estimation for Extreme LLM Compression}, 
      author={Vladimir Malinovskii and Denis Mazur and Ivan Ilin and Denis Kuznedelev and Konstantin Burlachenko and Kai Yi and Dan Alistarh and Peter Richtarik},
      year={2024},
      eprint={2405.14852},
      archivePrefix={arXiv},
      primaryClass={cs.LG}
}
@misc{Banner2019aciq,
    title={ACIQ: Analytical Clipping for Integer Quantization of Neural Networks},
    author={Banner, Ron and Nahshan, Yury and Soudry, Daniel},
    booktitle={International Conference on Learning Representations},
    year={2019}
}

@misc{Wang2020apq,
    title={APQ: Joint Search for Network Architecture, Pruning and Quantization Policy},
    author={Wang, Tianzhe and Wang, Kuan and Cai, Han and Lin, Ji and Liu, Zhijian and Wang, Hanrui and Lin, Yujun and Han, Song},
    journal={Conference on Computer Vision and Pattern Recognition (CVPR)},
    year={2020}
}

@misc{Sun2023qlora,
    title={QLoRA: Efficient Finetuning of Quantized LLMs},
    author={Sun, Zhiqing and Saab, Khaled and Tepper, Maruan and Dettmers, Tim and Basu, Sahal and Gonzalez, Juan Diego Manchego and Shen, Sheng and Rush, Alexander M and Duckworth, Daniel and Lewis, Mike and others},
    booktitle={International Conference on Machine Learning},
    year={2023}
}

@misc{Zhou2016dorefa,
    title={DoReFa-Net: Training Low Bitwidth Convolutional Neural Networks with Low Bitwidth Gradients},
    author={Zhou, Shuchang and Wu, Yuxin and Ni, Zekun and Zhou, Xinyu and Wen, He and Zou, Yuheng},
    booktitle={arXiv preprint arXiv:1606.06160},
    year={2016}
}

@misc{Tan2019mnasnet,
    title={MnasNet: Platform-Aware Neural Architecture Search for Mobile},
    author={Tan, Mingxing and Chen, Bo and Pang, Ruoming and Vasudevan, Vijay and Sandler, Mark and Howard, Andrew and Le, Quoc V},
    booktitle={Conference on Computer Vision and Pattern Recognition (CVPR)},
    year={2019}
}

@misc{Zhang2022llm,
    title={LLM-Adaptor: Efficient Fine-tuning of Language Models with Zero-init Attention},
    author={Zhang, Zhiqing and Zhang, Yikang and Tay, Yi and Shen, Sheng and Rush, Alexander M and Luo, Ping},
    journal={arXiv preprint arXiv:2210.12573},
    year={2022}
}

@misc{Nagel2020up,
    title={Up or Down? Adaptive Rounding for Post-Training Quantization},
    author={Nagel, Markus and Amjad, Rana Ali and Van Baalen, Mart and Louizos, Christos and Blankevoort, Tijmen},
    booktitle={International Conference on Machine Learning},
    year={2020}
}
@misc{Jacob2018quant,
  title={{Quantization and Training of Neural Networks for Efficient Integer-Arithmetic-Only Inference}},
  author={Jacob, Benoit and Kligys, Sharif and Chen, Bo and Zhu, Menglong and Tang, Matthew and Howard, Andrew and Adam, Hartwig and Kalenichenko, Dmitry},
  year={2018},
  archivePrefix={arXiv},
  eprint={1712.05877},
  primaryClass={cs.CV}
}

@misc{Dettmers2022llm,
  title={{LLM.int8(): 8-bit Matrix Multiplication for Transformers at Scale}},
  author={Tim Dettmers and Mike Lewis and Younes Belkada and Luke Zettlemoyer},
  year={2022},
  archivePrefix={arXiv},
  eprint={2208.07339}
}

@misc{Choi2018pact,
  title={{PACT: Parameterized Clipping Activation for Quantized Neural Networks}},
  author={Jungwook Choi and Zhuo Wang and Swagath Venkataramani and Peyman Najafirad and Vijayalakshmi Shenoy and Kurt Keutzer},
  year={2018},
  archivePrefix={arXiv},
  eprint={1805.06085}
}

@misc{Zoph2017RL,
  title={{Neural Architecture Search with Reinforcement Learning}},
  author={Barret Zoph and Quoc V. Le},
  year={2017},
  archivePrefix={arXiv},
  eprint={1611.01578}
}

@misc{guo2023shai,
	title={Shai: A large language model for asset management}, 
	author={Zhongyang Guo and Guanran Jiang and Zhongdan Zhang and Peng Li and Zhefeng Wang and Yinchun Wang},
	year={2023},
	eprint={2312.14203},
	archivePrefix={arXiv},
	primaryClass={q-fin.PM}
}

@misc{zhao2024revolutionizing,
	title={Revolutionizing Finance with LLMs: An Overview of Applications and Insights}, 
	author={Huaqin Zhao and Zhengliang Liu and Zihao Wu and Yiwei Li and Tianze Yang and Peng Shu and Shaochen Xu and Haixing Dai and Lin Zhao and Gengchen Mai and Ninghao Liu and Tianming Liu},
	year={2024},
	eprint={2401.11641},
	archivePrefix={arXiv},
	primaryClass={cs.CL}
}

@misc{jeong2024finetuning,
	title={Fine-tuning and Utilization Methods of Domain-specific LLMs}, 
	author={Cheonsu Jeong},
	year={2024},
	eprint={2401.02981},
	archivePrefix={arXiv},
	primaryClass={cs.CL}
}

@article{Tjeerd,
	author = {Van Cappelle, Tjeerd},
	journal = {CFA Society Netherlands},
	number = {155},
	pages = {18-25},
	title = {{There is Alpha in Large Language Models}},
	volume = {21},
	year = {2023}
}

@article{cascio,
	title={How to Create an Investment Portfolio Strategy with ChatGPT},
	author={Cascio, Michael},
	url={https://medium.datadriveninvestor.com/how-to-create-an-investment-portfolio-strategy-with-chatgpt-4c55b249f894},
	year={2023}
}


@misc{araci2019finbert,
	title={FinBERT: Financial Sentiment Analysis with Pre-trained Language Models}, 
	author={Dogu Araci},
	year={2019},
	eprint={1908.10063},
	archivePrefix={arXiv},
	primaryClass={cs.CL}
}

@article{test,
	author = {Lee, Geun},
	file = {:Users/JulianLeitner/Library/Application Support/Mendeley Desktop/Downloaded/Lee - 2009 - A Theory of Soft Power and Korea's Soft Power Strategy.pdf:pdf},
	journal = {The Korean Journal of Defense Analysis},
	number = {2},
	pages = {205--218},
	title = {{A Theory of Soft Power and Korea's Soft Power Strategy}},
	volume = {21},
	year = {2009}
}
@book{lópez_de_prado_2020, 
	place={Cambridge}, 
	series={Elements in Quantitative Finance}, 
	title={Machine Learning for Asset Managers}, 
	DOI={10.1017/9781108883658}, 
	publisher={Cambridge University Press}, 
	author={López de Prado, Marcos M.}, 
	year={2020}, 
	collection={Elements in Quantitative Finance}
}
@book{de2018advances,
	title={Advances in Financial Machine Learning},
	author={López de Prado, Marcos M.},
	isbn={9781119482116},
	lccn={2018009027},
	url={https://books.google.co.uk/books?id=c75IDwAAQBAJ},
	year={2018},
	publisher={Wiley}
}
@article{lee2022etf,
	title={ETF Portfolio Construction via Neural Network trained on Financial Statement Data}, 
	author={Jinho Lee and Sungwoo Park and Jungyu Ahn and Jonghun Kwak},
	year={2022},
	eprint={2207.01187},
	archivePrefix={arXiv},
	primaryClass={q-fin.CP}
}
@article{yang_ensemble,
	author = {Li, Yang and Pan, Yi},
	journal = {Int J Data },
	number = {13},
	pages = {139--149},
	title = {A novel ensemble deep learning model for stock prediction based on stock prices and news},
	DOI={10.1007/s41060-021-00279-98}, 
	year = {2022}
}
@article{hsiao_port,
	author = {Hsiao, Hsiao-Fen and Huang, Jiang-Chuan and Lin, Zheng-Wei},
	journal = {Review of Derivatives Research},
	number = {13},
	pages = {227--247},
	title = {Portfolio construction using bootstrapping neural networks: evidence from global stock market},
	DOI={10.1007/s11147-019-09163-y}, 
	volume = {23},
	year = {2020}
}
@article{ermon,
	author       = {Yang Song and
	Stefano Ermon},
	title        = {Generative Modeling by Estimating Gradients of the Data Distribution},
	journal      = {CoRR},
	volume       = {abs/1907.05600},
	year         = {2019},
	url          = {http://arxiv.org/abs/1907.05600},
	eprinttype    = {arXiv},
	eprint       = {1907.05600},
	timestamp    = {Thu, 01 Oct 2020 17:52:46 +0200},
	biburl       = {https://dblp.org/rec/journals/corr/abs-1907-05600.bib},
	bibsource    = {dblp computer science bibliography, https://dblp.org}
}
@misc{sohldickstein2015deep,
	title={Deep Unsupervised Learning using Nonequilibrium Thermodynamics}, 
	author={Jascha Sohl-Dickstein and Eric A. Weiss and Niru Maheswaranathan and Surya Ganguli},
	year={2015},
	eprint={1503.03585},
	archivePrefix={arXiv},
	primaryClass={cs.LG}
}

@misc{yang2023fingpt,
	title={FinGPT: Open-Source Financial Large Language Models}, 
	author={Hongyang Yang and Xiao-Yang Liu and Christina Dan Wang},
	year={2023},
	eprint={2306.06031},
	archivePrefix={arXiv},
	primaryClass={q-fin.ST}
}

@article{Markowitz1952,
	author = {Markowitz, Harry},
	doi = {10.2307/2975974},
	journal = {The Journal of Finance},
	language = {English},
	month = 3,
	number = 1,
	pages = {77-91},
	title = {{Portfolio Selection}},
	url = {https://www.jstor.org/stable/2975974},
	volume = 7,
	year = 1952
}

@TechReport{FinDiff,
	author={Timur Sattarov and Marco Schreyer and Damian Borth},
	title={{FinDiff: Diffusion Models for Financial Tabular Data Generation}},
	year=2023,
	month=Sep,
	institution={arXiv.org},
	type={Papers},
	url={https://ideas.repec.org/p/arx/papers/2309.01472.html},
	number={2309.01472},
	abstract={The sharing of microdata, such as fund holdings and derivative instruments, by regulatory institutions presents a unique challenge due to strict data confidentiality and privacy regulations. These challenges often hinder the ability of both academics and practitioners to conduct collaborative research effectively. The emergence of generative models, particularly diffusion models, capable of synthesizing data mimicking the underlying distributions of real-world data presents a compelling solution. This work introduces 'FinDiff', a diffusion model designed to generate real-world financial tabular data for a variety of regulatory downstream tasks, for example economic scenario modeling, stress tests, and fraud detection. The model uses embedding encodings to model mixed modality financial data, comprising both categorical and numeric attributes. The performance of FinDiff in generating synthetic tabular financial data is evaluated against state-of-the-art baseline models using three real-world financial datasets (including two publicly available datasets and one proprietary dataset). Empirical results demonstrate that FinDiff excels in generating synthetic tabular financial data with high fidelity, privacy, and utility.},
	keywords={},
	doi={},
}

@misc{rybkin2021simple,
	title={Simple and Effective VAE Training with Calibrated Decoders}, 
	author={Oleh Rybkin and Kostas Daniilidis and Sergey Levine},
	year={2021},
	eprint={2006.13202},
	archivePrefix={arXiv},
	primaryClass={cs.LG}
}

@misc{suh2023autodiff,
	title={AutoDiff: combining Auto-encoder and Diffusion model for tabular data synthesizing}, 
	author={Namjoon Suh and Xiaofeng Lin and Din-Yin Hsieh and Merhdad Honarkhah and Guang Cheng},
	year={2023},
	eprint={2310.15479},
	archivePrefix={arXiv},
	primaryClass={stat.ML}
}

@misc{kotelnikov2023tabddpm,
	title={Tab{DDPM}: Modelling Tabular Data with Diffusion Models},
	author={Akim Kotelnikov and Dmitry Baranchuk and Ivan Rubachev and Artem Babenko},
	year={2023},
	url={https://openreview.net/forum?id=EJka_dVXEcr}
}

@inproceedings{
	higgins2017betavae,
	title={beta-{VAE}: Learning Basic Visual Concepts with a Constrained Variational Framework},
	author={Irina Higgins and Loic Matthey and Arka Pal and Christopher Burgess and Xavier Glorot and Matthew Botvinick and Shakir Mohamed and Alexander Lerchner},
	booktitle={International Conference on Learning Representations},
	year={2017},
	url={https://openreview.net/forum?id=Sy2fzU9gl}
}

@article{funds,
	author = {Madhavan, Annath and Sobczyk, Aleksander and Ang, Andrew},
	doi = {10.2139/ssrn.3465888},
	language = {English},
	title = {{What Happens with More Funds than Stocks?}},
	url = {https://ssrn.com/abstract=3465888},
	year = {2019}
}

@misc{rombach2022highresolution,
	title={High-Resolution Image Synthesis with Latent Diffusion Models}, 
	author={Robin Rombach and Andreas Blattmann and Dominik Lorenz and Patrick Esser and Björn Ommer},
	year={2022},
	eprint={2112.10752},
	archivePrefix={arXiv},
	primaryClass={cs.CV}
}

@misc{xu2019modeling,
	title={Modeling Tabular data using Conditional GAN}, 
	author={Lei Xu and Maria Skoularidou and Alfredo Cuesta-Infante and Kalyan Veeramachaneni},
	year={2019},
	eprint={1907.00503},
	archivePrefix={arXiv},
	primaryClass={cs.LG}
}

@misc {interpretable,
	author = {Jaeger, Markus and Krügel, Stephan and Marinelli, Dimitri and Papenbrock, Jochen and Schwendner, Peter},
	title = {Interpretable Machine Learning for Diversified Portfolio Construction},
	volume = {[3]},
	number = {[3]},
	pages = {[31-51]},
	year = {2021},
	doi = {[10.3905/jfds.2021.1.066]},
	publisher = {[]},
	issn = {[]},
	URL = {[https://www.pm-research.com/content/iijjfds/3/3/31]},
	eprint = {[]},
	journal = {[The Journal of Financial Data Science]},
}

@misc {portgame,
	author = {Simonian, Joseph},
	title = {Portfolio Selection: A Game-Theoretic Approach},
	volume = {[45]},
	number = {[6]},
	pages = {[108-116]},
	year = {2019},
	doi = {[10.3905/jpm.2019.1.095]},
	publisher = {[]},
	issn = {[]},
	URL = {[]},
	eprint = {[]},
	journal = {[The Journal of Portfolio Management]},
}

@misc{wu2023bloomberggpt,
	title={BloombergGPT: A Large Language Model for Finance}, 
	author={Shijie Wu and Ozan Irsoy and Steven Lu and Vadim Dabravolski and Mark Dredze and Sebastian Gehrmann and Prabhanjan Kambadur and David Rosenberg and Gideon Mann},
	year={2023},
	eprint={2303.17564},
	archivePrefix={arXiv},
	primaryClass={cs.LG}
}

@misc{li2021prefix,
	title={Prefix-Tuning: Optimizing Continuous Prompts for Generation}, 
	author={Xiang Lisa Li and Percy Liang},
	year={2021},
	eprint={2101.00190},
	archivePrefix={arXiv},
	primaryClass={cs.CL}
}

@misc{liu2022p,
	title={P-Tuning v2: Prompt Tuning Can Be Comparable to Fine-tuning Universally Across Scales and Tasks}, 
	author={Xiao Liu and Kaixuan Ji and Yicheng Fu and Weng Lam Tam and Zhengxiao Du and Zhilin Yang and Jie Tang},
	year={2022},
	eprint={2110.07602},
	archivePrefix={arXiv},
	primaryClass={cs.CL}
}
@article{mehrabi2021survey,
           title={A survey on bias and fairness in machine learning},
           author={Mehrabi, Ninareh and Morstatter, Fred and Saxena, Nripsuta and Lerman, Kristina and Galstyan, Aram},
           journal={ACM Computing Surveys (CSUR)},
           volume={54},
           number={6},
           pages={1--35},                   
           year={2021},
           publisher={ACM New York, NY, USA}
}
@article{meng2021addressing,
          title={Addressing fairness issues in machine learning for finance},
          author={Meng, Tingting and Wu, Jian and Zhao, Sheng},
          journal={arXiv preprint arXiv:2103.01918},
          year={2021}
}
@article{linardatos2021explainable,
           title={Explainable AI: A review of machine learning interpretability methods},
           author={Linardatos, Pantelis and Papastefanopoulos, Vasilis and Kotsiantis, Sotiris},
           journal={Entropy},
           volume={23},
           number={1},
           pages={18},
           year={2021},
           publisher={Multidisciplinary Digital Publishing Institute}
}
@article{arya2019explanation,
           title={One explanation does not fit all: A toolkit and taxonomy of AI explainability techniques},
           author={Arya, Vijay and Bellamy, Rachel K and Chen, Pin-Yu and Dhurandhar, Amit and Hind, Michael and Hoffman, Samuel C and ... and Mourad, Saishruthi},
           journal={arXiv preprint arXiv:1909.03012},
           year={2019}
}
@article{pan2020herding,
           title={Herding with heterogeneous ability in financial markets},
           author={Pan, Wei and Altshuler, Yaniv and Pentland, Alex Sandy},
           journal={Journal of Economic Interaction and Coordination},
           volume={15},
           number={2},
           pages={431--453},
           year={2020},
           publisher={Springer}
}
@article{fama2004capital,
           title={The capital asset pricing model: Theory and evidence},
           author={Fama, Eugene F and French, Kenneth R},
           journal={Journal of Economic Perspectives},
           volume={18},
           number={3},
           pages={25--46},
           year={2004},
           publisher={American Economic Association}
}
@article{rao2015survey,
           title={A survey on data privacy and security in financial services},
           author={Rao, Adithya R and Verma, Sahil},
           journal={International Journal of Computer Applications},
           volume={120},
           number={16},
           year={2015},
           publisher={Foundation of Computer Science}
}
@article{li2012efficient,
           title={Efficient privacy-preserving data aggregation for smart metering systems},
           author={Li, Ning and Li, Tianqing and Venkatasubramanian, Shivkumar},
           journal={IEEE Transactions on Parallel and Distributed Systems},
           volume={23},
           number={9},
           pages={1742--1753},
           year={2012},
           publisher={IEEE}
}

@misc{Dettmers2023qlora,
  title={{QLoRA: Efficient Finetuning of Quantized LLMs}},
  author={Dettmers, Tim and Pagnoni, Artidoro and Holtzman, Ari and Zettlemoyer, Luke},
  year={2023},
  eprint={2305.14314},
  archivePrefix={arXiv},
  primaryClass={cs.LG}
}

@misc{Frantar2022gptq,
  title={{GPTQ: Accurate Post-Training Quantization for Generative Pre-trained Transformers}},
  author={Frantar, Elias and Ashkboos, Saleh and Hoefler, Torsten and Alistarh, Dan},
  year={2022},
  eprint={2210.17323},
  archivePrefix={arXiv},
  primaryClass={cs.LG}
}

@misc{Wang2019haq,
  title={{HAQ: Hardware-Aware Automated Quantization with Mixed Precision}},
  author={Wang, Kuan and Liu, Zhijian and Lin, Yujun and Lin, Ji and Han, Song},
  year={2019},
  booktitle={Conference on Computer Vision and Pattern Recognition (CVPR)},
  pages={8612--8620}
}
