@misc{egiazarian2024extreme,
      title={Extreme Compression of Large Language Models via Additive Quantization}, 
      author={Vage Egiazarian and Andrei Panferov and Denis Kuznedelev and Elias Frantar and Artem Babenko and Dan Alistarh},
      year={2024},
      eprint={2401.06118},
      archivePrefix={arXiv},
      primaryClass={cs.LG}
}
@misc{malinovskii2024pvtuning,
      title={PV-Tuning: Beyond Straight-Through Estimation for Extreme LLM Compression}, 
      author={Vladimir Malinovskii and Denis Mazur and Ivan Ilin and Denis Kuznedelev and Konstantin Burlachenko and Kai Yi and Dan Alistarh and Peter Richtarik},
      year={2024},
      eprint={2405.14852},
      archivePrefix={arXiv},
      primaryClass={cs.LG}
}

@article{dettmers2022llmint8,
  title     = {LLM.int8(): 8-bit Matrix Multiplication for Transformers at Scale},
  author    = {Dettmers, Tim and Pagnoni, Artidoro and Holtzman, Ari and Zettlemoyer, Luke},
  journal   = {arXiv preprint arXiv:2208.07339},
  year      = {2022},
  month     = aug,
  url       = {https://arxiv.org/abs/2208.07339},
  eprint    = {2208.07339},
  archivePrefix = {arXiv},
   primaryClass = {cs.LG}
}

@article{frantar2022gptq,
  title={GPTQ: Accurate post-training quantization for generative pre-trained transformers},
  author={Frantar, Elias and Alistarh, Dan and Hoefler, Torsten},
  journal={arXiv preprint arXiv:2210.17323},
  year={2022}
}

@article{dettmers2023qlora,
    title={QLoRA: Efficient Finetuning of Quantized LLMs},
    author={Dettmers, Tim and Pagnoni, Artidoro and Holtzman, Ari and Zettlemoyer, Luke},
    journal={arXiv preprint arXiv:2305.14314},
    year={2023}
   }
@article{Dettmers2022llm,
  title={LLM.int8(): 8-bit Matrix Multiplication for Transformers at Scale},
  author={Dettmers, Tim and Lewis, Mike and Shleifer, Sam and Zettlemoyer, Luke},
  journal={arXiv preprint arXiv:2208.07339},
  year={2022}
}

@article{zoph2016neural,
  title={Neural architecture search with reinforcement learning},
  author={Zoph, Barret and Le, Quoc V},
  journal={arXiv preprint arXiv:1611.01578},
  year={2016}
}

@article{wang2020apq,
  title={APQ: Joint search for network architecture, pruning and quantization policy},
  author={Wang, Ting-Wu and Cheng, Yu-Hsin and Chen, Yun-Wei and Chang, Kao-Ying and Chiu, Shang-Tse and Yang, Kuan-Hua and Ma, Chih-Chy and Tseng, Li-Chen},
  journal={arXiv preprint arXiv:2003.02049},
  year={2020}
}

@article{dong2019hawq,
  title={Hawq: Hessian aware quantization of neural networks with mixed-precision},
  author={Dong, Zhen and Yao, Zhewei and Gholami, Amir and Mahoney, Michael W and Kurt Keutzer},
  journal={arXiv preprint arXiv:1905.03696},
  year={2019}
}
@article{ppo2017,
      title={Proximal policy optimization algorithms},
      author={Schulman, John and Wolski, Filip and Dhariwal, Prafulla and Radford, Alec and Klimov, Oleg},
      journal={arXiv preprint arXiv:1707.06347},
      year={2017}
}
